@book{ kompendium,
  author    =    "Zerbst, Stefan and Düvel, Oliver and Anderson, Eike",
  title     =    "3D-Spiele-Programmierung. Professionelle Entwicklung von 3D-Engines und -Spielen. Kompendium.",
  publisher =    "Markt+Technik Verlag",
  year      =    2004,
  address   =    "München/Deutschland",
  edition   =    "Erste Auflage"
}

@misc{ wiki:grafikkarte,
  author = "Wikipedia",
  title = "Grafikkarte --- Wikipedia{,} Die freie Enzyklopädie",
  year = "2008",
  url = "http://de.wikipedia.org/w/index.php?title=Grafikkarte&oldid=54372393",
  note = "[Online; Stand 3. Januar 2009]"
}
